<?xml version="1.0" encoding="UTF-8"?><collection xmlns="http://www.loc.gov/MARC21/slim"><record><leader>00472nam--2200181-u-4500</leader><controlfield tag="001">000055845</controlfield><controlfield tag="002">20161230</controlfield><controlfield tag="005">20161230201052</controlfield><controlfield tag="008">130808s1000------------r-----000-0-eng-d</controlfield><datafield ind1=" " ind2=" " tag="040"><subfield code="a">IFIN-HH</subfield></datafield><datafield ind1=" " ind2=" " tag="080"><subfield code="a">519.3</subfield></datafield><datafield ind1="1" ind2=" " tag="100"><subfield code="a">Gossick, B.R</subfield></datafield><datafield ind1="1" ind2="0" tag="245"><subfield code="a">Hamilton's principle and physical systems</subfield><subfield code="c">B.r. gossick</subfield></datafield><datafield ind1=" " ind2=" " tag="260"><subfield code="a">New York</subfield><subfield code="b">Academic Press</subfield><subfield code="c">1967</subfield></datafield><datafield ind1=" " ind2=" " tag="300"><subfield code="a">XIII+247P</subfield></datafield><datafield ind1=" " ind2=" " tag="490"><subfield code="a">Academic Paperbacks</subfield></datafield><datafield ind1=" " ind2=" " tag="852"><subfield code="a">28514</subfield><subfield code="c">519.3</subfield></datafield><datafield ind1=" " ind2=" " tag="CAT"><subfield code="a">Sys</subfield><subfield code="c">20130808</subfield><subfield code="h">160406</subfield></datafield></record></collection>